@article{jain2007supervised,
  title={Supervised learning of image restoration with convolutional networks},
  author={Jain, Viren and Murray, Joseph F and Roth, Fabian and Turaga, Srinivas and Zhigulin, Valentin and Briggman, Kevin L and Helmstaedter, Moritz N and Denk, Winfried and Seung, H Sebastian},
  journal={ICCV},
  pages={1--8},
  year={2007},
  publisher={IEEE}
}
@article{rornlm, 
author={B. Xiong and Z. Yin}, 
journal={IEEE Transactions on Image Processing}, 
title={A Universal Denoising Framework With a New Impulse Detector and Nonlocal Means}, 
year={2012}, 
volume={21}, 
number={4}, 
pages={1663-1675}, 
}
@Article{Hu2016,
author="Hu, Haijuan
and Li, Bing
and Liu, Quansheng",
title="Removing Mixture of Gaussian and Impulse Noise by Patch-Based Weighted Means",
journal="Journal of Scientific Computing",
year="2016",
volume="67",
number="1",
pages="103--129",
}
@article{cai2008two,
  title={Two-phase approach for deblurring images corrupted by impulse plus Gaussian noise},
  author={Cai, Jian-Feng and Chan, Raymond H and Nikolova, Mila},
  journal={Inverse Problems and Imaging},
  volume={2},
  number={2},
  pages={187--204},
  year={2008}
}
@article{schmidtmrf,
  title={A generative perspective on mrfs in low-level vision},
  author={Schmidt, Uwe and Gao, Qi and Roth, Stefan},
  journal={Computer Vision and Pattern Recognition (CVPR), 2010 IEEE Conference on},
  pages={1751--1758},
  year={2010},
  publisher={IEEE}
}
@article{zhou2012nonparametric,
  title={Nonparametric Bayesian dictionary learning for analysis of noisy and incomplete images},
  author={Zhou, Mingyuan and Chen, Haojun and Paisley, John and Ren, Lu and Li, Lingbo and Xing, Zhengming and Dunson, David and Sapiro, Guillermo and Carin, Lawrence},
  journal={IEEE Transactions on Image Processing},
  volume={21},
  number={1},
  pages={130--144},
  year={2012},
  publisher={IEEE}
}
@article{ssim,
  title={Image quality assessment: from error visibility to structural similarity},
  author={Wang, Z. and Bovik, A. C. and Sheikh, H. R. and Simoncelli, E. P.},
  journal={IEEE Transactions on Image Processing},
  volume={13},
  number={4},
  pages={600--612},
  year={2004},
  publisher={IEEE}
}
@article{ple, 
author={Yu, G. and Sapiro, G. and Mallat, S.}, 
journal={IEEE Transactions on Image Processing }, 
title={Solving Inverse Problems With Piecewise Linear Estimators: {From} {Gaussian} Mixture Models to Structured Sparsity}, 
year={2012}, 
volume={21}, 
number={5}, 
pages={2481--2499}
}
@article{bao2013fast,
  title={Fast sparsity-based orthogonal dictionary learning for image restoration},
  author={Bao, Chenglong and Cai, Jian-Feng and Ji, Hui},
  journal={IEEE International Conference on Computer Vision (ICCV)},
  pages={3384--3391},
  year={2013}
}
@article{donoho2003optimally,
  title={Optimally sparse representation in general (nonorthogonal) dictionaries via â„“1 minimization},
  author={Donoho, David L and Elad, Michael},
  journal={Proceedings of the National Academy of Sciences},
  volume={100},
  number={5},
  pages={2197--2202},
  year={2003},
  publisher={National Acad Sciences}
}
@article{donoho2001uncertainty,
  title={Uncertainty principles and ideal atomic decomposition},
  author={Donoho, D. L. and Huo, X.},
  journal={IEEE Transactions on Information Theory},
  volume={47},
  number={7},
  pages={2845--2862},
  year={2001},
  publisher={IEEE}
}

@book{huber2011robust,
  title={Robust statistics},
  author={Huber, P. J.},
  year={2011},
  publisher={Springer}
}
@article{softthresholding,
 author = {Donoho, D. L.},
 title = {De-noising by soft-thresholding},
 journal = {IEEE Trans. Inf. Theory},
 volume = {41},
 number = {3},
 year = {1995},
 pages = {613--627}
} 
@article{spca,
  title={Sparse principal component analysis},
  author={Zou, H. and Hastie, T. and Tibshirani, R.},
  journal={Journal of Computational and Graphical Statistics},
  volume={15},
  number={2},
  pages={265--286},
  year={2006},
  publisher={Taylor \& Francis}
}
@article{curvelet,
  title={The curvelet transform for image denoising},
  author={Starck, J. L. and Cand{\`e}s, E. J. and Donoho, D. L.},
  journal={IEEE Transactions on Image Processing},
  volume={11},
  number={6},
  pages={670--684},
  year={2002},
  publisher={IEEE}
}


@article{Tomasi1998, 
author={Tomasi, C. and Manduchi, R.}, 
title={Bilateral filtering for gray and color images}, 
journal = {IEEE International Conference on Computer Vision (ICCV)},
pages = {839--846}, 
year=1998
}

@article{PeronaMalik1990,
  title={Scale-space and edge detection using anisotropic diffusion},
  author={Perona, P. and Malik, J.},
  journal={Pattern Analysis and Machine Intelligence, IEEE Transactions on},
  volume=12,
  number=7,
  pages={629--639},
  year=1990
}

@article{rudin1992nonlinear,
  title={Nonlinear total variation based noise removal algorithms},
  author={Rudin, L. I. and Osher, S. and Fatemi, E.},
  journal={Physica D: Nonlinear Phenomena},
  volume={60},
  number={1},
  pages={259--268},
  year={1992}
}

@article{osher2005iterative,
  title={An iterative regularization method for total variation-based image restoration},
  author={Osher, S. and Burger, M. and Goldfarb, D. and Xu, J. and Yin, W.},
  journal={Multiscale Modeling \& Simulation},
  volume={4},
  number={2},
  pages={460--489},
  year={2005},
  publisher={SIAM}
}
@article{zhu1997prior,
  title={Prior learning and Gibbs reaction-diffusion},
  author={Zhu, Song Chun and Mumford, David},
  journal={IEEE Transactions on Pattern Analysis and Machine Intelligence},
  volume={19},
  number={11},
  pages={1236--1250},
  year={1997},
  publisher={IEEE}
}
@article{bayesshrink,
  title={Adaptive wavelet thresholding for image denoising and compression},
  author={Chang, S. G. and Yu, B. and Vetterli, M.},
  journal={IEEE Transactions on Image Processing},
  volume={9},
  number={9},
  pages={1532--1546},
  year={2000},
  publisher={IEEE}
}

@article{foe,
  title={Fields of Experts},
  author={Roth, S. and Black, M. J.},
  journal={International Journal of Computer Vision},
  volume={82},
  number={2},
  pages={205--229},
  year={2009},
  publisher={Springer}
}

@article{nlm, 
author={Buades, A. and Coll, B. and Morel, J. M.}, 
journal={IEEE Conference on Computer Vision and Pattern Recognition (CVPR)}, 
title={A non-local algorithm for image denoising}, 
year={2005}, 
pages={60--65}
}

@article{nlr,
  title={Non-local regularization of inverse problems},
  author={Peyr{\'e}, G. and Bougleux, S. and Cohen, L. D.},
  journal={Inverse Problems and Imaging},
  volume={5},
  number={2},
  pages={511--530},
  year={2011}
}

@article{bm3d,
  title={Image denoising by sparse 3-{D} transform-domain collaborative filtering},
  author={Dabov, K. and Foi, A. and Katkovnik, V. and Egiazarian, K.},
  journal={IEEE Transactions on Image Processing},
  volume={16},
  number={8},
  pages={2080--2095},
  year={2007},
  publisher={IEEE}
}
@article{cbm3d,
  title={Color image denoising via sparse 3{D} collaborative filtering with grouping constraint in luminance-chrominance space},
  author={Dabov, K. and Foi, A. and Katkovnik, V. and Egiazarian, K.},
  journal={ICIP},
  pages={313--316},
  year={2007},
  organization={IEEE}
}

@article{epll, 
author={Zoran, D. and Weiss, Y.}, 
journal = {ICCV}, 
title={From learning models of natural image patches to whole image restoration}, 
year={2011}, 
pages={479--486}
}

@article{gmmnips,
  title={Natural images, {Gaussian} mixtures and dead leaves},
  author={Zoran, D. and Weiss, Y.},
  journal={NIPS},
  pages={1736--1744},
  year={2012}
}

@article{weiss, 
author={Weiss, Y. and Freeman, W. T.}, 
journal={CVPR}, 
title={What makes a good model of natural images?}, 
year={2007}, 
pages={1--8}
}


@article{em,
  title={Maximum likelihood from incomplete data via the {EM} algorithm},
  author={Dempster, A. P. and Laird, N. M. and Rubin, D. B.},
  journal={Journal of the Royal Statistical Society. Series B (methodological)},
  pages={1--38},
  year={1977},
  publisher={JSTOR}
}

@article{ksvdtsp,
  title={The {K-SVD}: An Algorithm for Designing Overcomplete Dictionaries for Sparse Representation},
  author={Aharon, M. and Elad, M. and Bruckstein, A.},
  journal={IEEE Transactions on Signal Processing },
  volume={54},
  number={11},
  pages={4311--4322},
  year={2006},
  publisher={IEEE}
}

@article{ksvd,
  title={Image denoising via sparse and redundant representations over learned dictionaries},
  author={Elad, M. and Aharon, M.},
  journal={IEEE Transactions on Image Processing },
  volume={15},
  number={12},
  pages={3736--3745},
  year={2006},
  publisher={IEEE}
}

@article{lssc, 
author={Mairal, J. and Bach, F. and Ponce, J. and Sapiro, G. and Zisserman, A.}, 
journal = {ICCV},
title={Non-local sparse models for image restoration}, 
year={2009}, 
pages={2272--2279}
}

@article{srcvpr,
  title={Sparse representation for computer vision and pattern recognition},
  author={Wright, J. and Ma, Y. and Mairal, J. and Sapiro, G. and Huang, T. S. and Yan, S.},
  journal={Proceedings of the IEEE},
  volume={98},
  number={6},
  pages={1031--1044},
  year={2010},
  publisher={IEEE}
}

@article{srcolor, 
author={Mairal, J. and Elad, M. and Sapiro, G.}, 
journal={IEEE Transactions on Image Processing, }, 
title={Sparse Representation for Color Image Restoration}, 
year={2008},  
volume={17}, 
number={1}, 
pages={53--69}
}

@article{lcksvd, 
author={Jiang, Z. and Lin, Z. and Davis, L. S.}, 
journal={IEEE Transactions on Pattern Analysis and Machine Intelligence}, 
title={Label Consistent K-SVD: Learning a Discriminative Dictionary for Recognition}, 
year={2013},  
volume={35}, 
number={11}, 
pages={2651--2664}
}


@article{mairal2010online,
  title={Online learning for matrix factorization and sparse coding},
  author={Mairal, J. and Bach, F. and Ponce, J. and Sapiro, G.},
  journal={Journal of Machine Learning Research},
  volume={11},
  pages={19--60},
  year={2010},
  publisher={JMLR. org}
}

@Article{bsds,
 author = {Arbelaez, P. and Maire, M. and Fowlkes, C. and Malik, J.},
 title = {Contour Detection and Hierarchical Image Segmentation},
 journal = {IEEE Trans. Pattern Anal. Mach. Intell.},
 issue_date = {May 2011},
 volume = {33},
 number = {5},
 year = {2011},
 pages = {898--916},
 publisher = {IEEE Computer Society}
} 

@article{nnm, 
author={Ji, H. and Liu, C. and Shen, Z. and Xu, Y.}, 
journal={CVPR}, 
title={Robust video denoising using low rank matrix completion}, 
year={2010}, 
pages={1791--1798}
}

@article{blsgsm, 
author={Portilla, J. and Strela, V. and Wainwright, M.J. and Simoncelli, E.P.}, 
journal={Image Processing, IEEE Transactions on}, 
title={Image denoising using scale mixtures of {Gaussians} in the wavelet domain}, 
year={2003}, 
volume={12}, 
number={11}, 
pages={1338--1351}
}

@article{nsp,
  title={Nonlocal spectral prior model for low-level vision},
  author={Wang, S. and Zhang, L. and Liang, Y.},
  journal={ACCV},
  pages={231--244},
  year={2013},
  publisher={Springer}
}

@article{ncsr,
  title={Nonlocally centralized sparse representation for image restoration.},
  author={Dong, W. and Zhang, L. and Shi, G. and Li, X.},
  journal={IEEE Transactions on Image Processing},
  volume={22},
  number={4},
  pages={1620--1630},
  year={2013}
}

@article{wnnm,
  title={Weighted nuclear norm minimization with application to image denoising},
  author={Gu, S. and Zhang, L. and Zuo, W. and Feng, X.},
  journal={CVPR},
  pages={2862--2869},
  year={2014},
  organization={IEEE}
}

@article{olshausen1996emergence,
  title={Emergence of simple-cell receptive field properties by learning a sparse code for natural images},
  author={Olshausen, B. A. and Field, D. J.},
  journal={Nature},
  volume={381},
  number={6583},
  pages={607--609},
  year={1996}
}

@article{olshausen1997sparse,
  title={Sparse coding with an overcomplete basis set: {A} strategy employed by {V1}?},
  author={Olshausen, B. A. and Field, D. J.},
  journal={Vision research},
  volume={37},
  number={23},
  pages={3311--3325},
  year={1997},
  publisher={Elsevier}
}

@book{elements,
  title={The elements of statistical learning},
  author={Hastie, Trevor and Tibshirani, Robert and Friedman, Jerome and Hastie, T and Friedman, J and Tibshirani, R},
  year={2009},
  publisher={Springer}
}

@article{emconvergence,
  title={On the convergence properties of the {EM} algorithm},
  author={Wu, C. F.},
  journal={The Annals of Statistics},
  pages={95--103},
  year={1983},
  publisher={JSTOR}
}

@book{Bishop,
  title={Pattern recognition and machine learning},
  author={Bishop, C. M.},
  year={2006},
  publisher={New York: Springer}
}

@article{csf, 
author={Schmidt, U. and Roth, S.}, 
journal={CVPR}, 
title={Shrinkage Fields for Effective Image Restoration}, 
year={2014}, 
month={June}, 
pages={2774--2781}
}

@article{he2010guided,
  title={Guided image filtering},
  author={He, Kaiming and Sun, Jian and Tang, Xiaoou},
  journal={European conference on computer vision},
  pages={1--14},
  year={2010},
  publisher={Springer}
}

@article{he2013guided,
  title={Guided image filtering},
  author={He, Kaiming and Sun, Jian and Tang, Xiaoou},
  journal={IEEE transactions on pattern analysis and machine intelligence},
  volume={35},
  number={6},
  pages={1397--1409},
  year={2013},
  publisher={IEEE}
}

@article{aurich1995non,
  title={Non-linear gaussian filters performing edge preserving diffusion},
  author={Aurich, Volker and Weule, J{\"o}rg},
  journal={Mustererkennung 1995},
  pages={538--545},
  year={1995},
  publisher={Springer}
}

@Article{Smith1997,
author="Smith, Stephen M.
and Brady, J. Michael",
title="SUSAN---A New Approach to Low Level Image Processing",
journal="International Journal of Computer Vision",
year="1997",
volume="23",
number="1",
pages="45--78"
}

@Article{aleksic2006novel,
  title={Novel bilateral filter approach: Image noise reduction with sharpening},
  author={Aleksic, Milivoje and Smirnov, Maxim and Goma, Sergio},
  journal={Electronic Imaging 2006},
  pages={60690F--60690F},
  year={2006},
  publisher={International Society for Optics and Photonics}
}

@Article{bennett2005video,
  title={Video enhancement using per-pixel virtual exposures},
  author={Bennett, Eric P and McMillan, Leonard},
  journal={ACM Transactions on Graphics (TOG)},
  volume={24},
  number={3},
  pages={845--852},
  year={2005},
  publisher={ACM}
}

@Article{liu2006noise,
  title={Noise estimation from a single image},
  author={Liu, Ce and Freeman, William T and Szeliski, Richard and Kang, Sing Bing},
  journal={2006 IEEE Computer Society Conference on Computer Vision and Pattern Recognition (CVPR'06)},
  volume={1},
  pages={901--908},
  year={2006},
  publisher={IEEE}
}

@Article{durand2002fast,
  title={Fast bilateral filtering for the display of high-dynamic-range images},
  author={Durand, Fr{\'e}do and Dorsey, Julie},
  journal={ACM transactions on graphics (TOG)},
  volume={21},
  number={3},
  pages={257--266},
  year={2002},
  publisher={ACM}
}
@article{eisemann2004flash,
  title={Flash photography enhancement via intrinsic relighting},
  author={Eisemann, Elmar and Durand, Fr{\'e}do},
  journal={ACM transactions on graphics (TOG)},
  volume={23},
  number={3},
  pages={673--678},
  year={2004},
  publisher={ACM}
}
@ARTICLE{Ramanath03adaptivedemosaicking,
    author = {Rajeev Ramanath and Wesley Snyder},
    title = {Adaptive Demosaicking},
    journal = {Journal of Electronic Imaging},
    year = {2003},
    volume = {12},
    pages = {633--642}
}
@article{polesel2000image,
  title={Image enhancement via adaptive unsharp masking},
  author={Polesel, Andrea and Ramponi, Giovanni and Mathews, V John and others},
  journal={IEEE transactions on image processing},
  volume={9},
  number={3},
  pages={505--510},
  year={2000}
}
@article{mitra1991new,
  title={A new class of nonlinear filters for image enhancement},
  author={Mitra, Sanjit K and Li, Hui and Lin, I-S and Yu, T-H},
  journal={Acoustics, Speech, and Signal Processing, 1991. ICASSP-91., 1991 International Conference on},
  pages={2525--2528},
  year={1991},
  publisher={IEEE}
}
@article{ramponi1996nonlinear,
  title={Nonlinear unsharp masking methods for image contrast enhancement},
  author={Ramponi, Giovanni and Strobel, Norbert K and Mitra, Sanjit K and Yu, Tian-Hu},
  journal={Journal of Electronic Imaging},
  volume={5},
  number={3},
  pages={353--366},
  year={1996},
  publisher={International Society for Optics and Photonics}
}
@article{ramponi1998cubic,
  title={A cubic unsharp masking technique for contrast enhancement},
  author={Ramponi, Giovanni},
  journal={Signal Processing},
  volume={67},
  number={2},
  pages={211--222},
  year={1998},
  publisher={Elsevier}
}
@article{guillon1998adaptive,
  title={Adaptive nonlinear filters for 2D and 3D image enhancement},
  author={Guillon, S{\'e}bastien and Baylou, Pierre and Najim, Mohamed and Keskes, Naamen},
  journal={Signal processing},
  volume={67},
  number={3},
  pages={237--254},
  year={1998},
  publisher={Elsevier}
}
@article{keys1981cubic,
  title={Cubic convolution interpolation for digital image processing},
  author={Keys, Robert},
  journal={IEEE transactions on acoustics, speech, and signal processing},
  volume={29},
  number={6},
  pages={1153--1160},
  year={1981},
  publisher={IEEE}
}

@book{Russ1992,
 author = {Russ, John C.},
 title = {The Image Processing Handbook},
 year = {1992},
 isbn = {0-8493-4233-3},
 publisher = {CRC Press, Inc.},
 address = {Boca Raton, FL, USA},
}
@article{you1998image,
  title={Image enhancement using fourth order partial differential equations},
  author={You, Yu-Li and Kaveh, M},
  journal={Signals, Systems \&amp; Computers, 1998. Conference Record of the Thirty-Second Asilomar Conference on},
  volume={2},
  pages={1677--1681},
  year={1998},
  publisher={IEEE}
}
@article{moeller2015learning,
  title={Learning nonlinear spectral filters for color image reconstruction},
  author={Moeller, Michael and Diebold, Julia and Gilboa, Guy and Cremers, Daniel},
  journal={Proceedings of the IEEE International Conference on Computer Vision},
  pages={289--297},
  year={2015}
}

@article{sun2008image,
  title={Image super-resolution using gradient profile prior},
  author={Sun, Jian and Xu, Zongben and Shum, Heung-Yeung},
  journal={Computer Vision and Pattern Recognition, 2008. CVPR 2008. IEEE Conference on},
  pages={1--8},
  year={2008},
  publisher={IEEE}
}
@article{chan1998total,
  title={Total variation blind deconvolution},
  author={Chan, Tony F and Wong, Chiu-Kwong},
  journal={IEEE transactions on Image Processing},
  volume={7},
  number={3},
  pages={370--375},
  year={1998},
  publisher={IEEE}
}
@article{chang2004super,
  title={Super-resolution through neighbor embedding},
  author={Chang, Hong and Yeung, Dit-Yan and Xiong, Yimin},
  journal={Computer Vision and Pattern Recognition, 2004. CVPR 2004. Proceedings of the 2004 IEEE Computer Society Conference on},
  volume={1},
  pages={I--I},
  year={2004},
  publisher={IEEE}
}
@article{connah2014spectral,
  title={Spectral edge image fusion: Theory and applications},
  author={Connah, David and Drew, Mark Samuel and Finlayson, Graham David},
  journal={European Conference on Computer Vision},
  pages={65--80},
  year={2014},
  publisher={Springer}
}
@article{sun2005image,
  title={Image completion with structure propagation},
  author={Sun, Jian and Yuan, Lu and Jia, Jiaya and Shum, Heung-Yeung},
  journal={ACM Transactions on Graphics (ToG)},
  volume={24},
  number={3},
  pages={861--868},
  year={2005},
  publisher={ACM}
}
@article{levin2004colorization,
  title={Colorization using optimization},
  author={Levin, Anat and Lischinski, Dani and Weiss, Yair},
  journal={ACM Transactions on Graphics (TOG)},
  volume={23},
  number={3},
  pages={689--694},
  year={2004},
  publisher={ACM}
}

@article{finlayson2011lookup,
  title={Lookup-table-based gradient field reconstruction},
  author={Finlayson, Graham D and Connah, David and Drew, Mark S},
  journal={IEEE Transactions on Image Processing},
  volume={20},
  number={10},
  pages={2827--2836},
  year={2011},
  publisher={IEEE}
}
@article{gooch2005color2gray,
  title={Color2gray: salience-preserving color removal},
  author={Gooch, Amy A and Olsen, Sven C and Tumblin, Jack and Gooch, Bruce},
  journal={ACM Transactions on Graphics (TOG)},
  volume={24},
  number={3},
  pages={634--639},
  year={2005},
  publisher={ACM}
}
@article{maggioni2012video,
  title={Video denoising, deblocking, and enhancement through separable 4-d nonlocal spatiotemporal transforms},
  author={Maggioni, Matteo and Boracchi, Giacomo and Foi, Alessandro and Egiazarian, Karen},
  journal={IEEE Transactions on Image Processing},
  volume={21},
  number={9},
  pages={3952--3966},
  year={2012},
  publisher={IEEE}
}
@article{danielyan2012bm3d,
  title={BM3D frames and variational image deblurring},
  author={Danielyan, Aram and Katkovnik, Vladimir and Egiazarian, Karen},
  journal={IEEE Transactions on Image Processing},
  volume={21},
  number={4},
  pages={1715--1728},
  year={2012},
  publisher={IEEE}
}
@article{gonzalez2008digital,
  title={Digital image processing},
  author={Gonzalez, Rafael C and Woods, Richard E},
  journal={Nueva Jersey},
  year={2008}
}
@article{lim1990two,
  title={Two-dimensional signal and image processing},
  author={Lim, Jae S},
  journal={Englewood Cliffs, NJ, Prentice Hall, 1990, 710 p.},
  volume={1},
  year={1990}
}
@article{stark2000adaptive,
  title={Adaptive image contrast enhancement using generalizations of histogram equalization},
  author={Stark, J Alex},
  journal={IEEE Transactions on image processing},
  volume={9},
  number={5},
  pages={889--896},
  year={2000},
  publisher={IEEE}
}
@article{arici2009histogram,
  title={A histogram modification framework and its application for image contrast enhancement},
  author={Arici, Tarik and Dikbas, Salih and Altunbasak, Yucel},
  journal={IEEE Transactions on image processing},
  volume={18},
  number={9},
  pages={1921--1935},
  year={2009},
  publisher={IEEE}
}
@article{kim1997contrast,
  title={Contrast enhancement using brightness preserving bi-histogram equalization},
  author={Kim, Yeong-Taeg},
  journal={IEEE transactions on Consumer Electronics},
  volume={43},
  number={1},
  pages={1--8},
  year={1997},
  publisher={IEEE}
}
@article{chen2006gray1,
  title={Gray-level grouping (GLG): an automatic method for optimized image contrast Enhancement-part I: the basic method},
  author={Chen, ZhiYu and Abidi, Besma R and Page, David L and Abidi, Mongi A},
  journal={IEEE Transactions on image processing},
  volume={15},
  number={8},
  pages={2290--2302},
  year={2006},
  publisher={IEEE}
}



@article{Buades05denoisingimage,
    author = {A. Buades and B. Coll and J. M. Morel and Dpt MatemÃ tiques},
    title = {Denoising image sequences does not require motion estimation},
    journal = {Proc. of the IEEE Conf. on Advanced Video and Signal Based Surveillance September (AVSS},
    year = {2005},
    pages = {70--74}
}
@article{buades2008nonlocal,
  title={Nonlocal image and movie denoising},
  author={Buades, Antoni and Coll, Bartomeu and Morel, Jean-Michel},
  journal={International Journal of Computer Vision},
  volume={76},
  number={2},
  pages={123--139},
  year={2008},
  publisher={Springer}
}
@article{zhang2012single,
  title={Single image super-resolution with non-local means and steering kernel regression},
  author={Zhang, Kaibing and Gao, Xinbo and Tao, Dacheng and Li, Xuelong},
  journal={IEEE Transactions on Image Processing},
  volume={21},
  number={11},
  pages={4544--4556},
  year={2012},
  publisher={IEEE}
}
@article{zhong2013handling,
  title={Handling noise in single image deblurring using directional filters},
  author={Zhong, Lin and Cho, Sunghyun and Metaxas, Dimitris and Paris, Sylvain and Wang, Jue},
  journal={Proceedings of the IEEE Conference on Computer Vision and Pattern Recognition},
  pages={612--619},
  year={2013}
}
@article{protter2009generalizing,
  title={Generalizing the nonlocal-means to super-resolution reconstruction},
  author={Protter, Matan and Elad, Michael and Takeda, Hiroyuki and Milanfar, Peyman},
  journal={IEEE Transactions on image processing},
  volume={18},
  number={1},
  pages={36--51},
  year={2009},
  publisher={IEEE}
}

@article{freeman2000learning,
  title={Learning low-level vision},
  author={Freeman, William T and Pasztor, Egon C and Carmichael, Owen T},
  journal={International journal of computer vision},
  volume={40},
  number={1},
  pages={25--47},
  year={2000},
  publisher={Springer}
}
@article{yang2010image,
  title={Image super-resolution via sparse representation},
  author={Yang, J. and Wright, J. and Huang, T. and Ma, Y.},
  journal={IEEE Transactions on Image Processing},
  volume={19},
  number={11},
  pages={2861--2873},
  year={2010},
  publisher={IEEE}
}
@article{He2013BPJDL,
 author = {He, Li and Qi, Hairong and Zaretzki, Russell},
 title = {Beta Process Joint Dictionary Learning for Coupled Feature Spaces with Application to Single Image Super-Resolution},
 journal = {Proceedings of the 2013 IEEE Conference on Computer Vision and Pattern Recognition},
 year = {2013},
 pages = {345--352},
 numpages = {8},
 publisher = {IEEE Computer Society}
}

@article{timofte2013anchored,
  title={Anchored neighborhood regression for fast example-based super-resolution},
  author={Timofte, Radu and De Smet, Vincent and Van Gool, Luc},
  journal={Proceedings of the IEEE International Conference on Computer Vision},
  pages={1920--1927},
  year={2013}
} 
@article{vandenoord14a,
  author  = {A{\"a}ron van den Oord and Benjamin Schrauwen},
  title   = {The Student-t Mixture as a Natural Image Patch Prior with Application to Image Compression},
  journal = {Journal of Machine Learning Research},
  year    = {2014},
  volume  = {15},
  pages   = {2061-2086},
}
@article{schmidt2010generative,
  title={A generative perspective on mrfs in low-level vision},
  author={Schmidt, Uwe and Gao, Qi and Roth, Stefan},
  journal={Computer Vision and Pattern Recognition (CVPR)},
  pages={1751--1758},
  year={2010},
  publisher={IEEE}
}
@article{schmidt2013discriminative,
  title={Discriminative non-blind deblurring},
  author={Schmidt, Uwe and Rother, Carsten and Nowozin, Sebastian and Jancsary, Jeremy and Roth, Stefan},
  journal={Proceedings of the IEEE Conference on Computer Vision and Pattern Recognition},
  pages={604--611},
  year={2013}
}
@article{barbu2009training,
  title={Training an active random field for real-time image denoising},
  author={Barbu, Adrian},
  journal={IEEE Transactions on Image Processing},
  volume={18},
  number={11},
  pages={2451--2462},
  year={2009},
  publisher={IEEE}
}
@article{zeyde2010single,
  title={On single image scale-up using sparse-representations},
  author={Zeyde, Roman and Elad, Michael and Protter, Matan},
  journal={International conference on curves and surfaces},
  pages={711--730},
  year={2010},
  publisher={Springer}
}
@article{lou2011direct,
  title={Direct sparse deblurring},
  author={Lou, Yifei and Bertozzi, Andrea L and Soatto, Stefano},
  journal={Journal of Mathematical Imaging and Vision},
  volume={39},
  number={1},
  pages={1--12},
  year={2011},
  publisher={Springer}
}
@article{lafferty2001conditional,
  title={Conditional random fields: Probabilistic models for segmenting and labeling sequence data},
  author={Lafferty, John and McCallum, Andrew and Pereira, Fernando},
  journal={Proceedings of the eighteenth international conference on machine learning, ICML},
  volume={1},
  pages={282--289},
  year={2001}
}
@article{Rong2016dsp,
  title={Adaptive Shrinkage Cascades for Blind Image Deconvolution},
  author={Xuejian Rong and Yingli Tian},
  journal={2016 IEEE International Conference on Digital Signal Processing (DSP)},
  year={2016}
}
@article{riegler2015conditioned,
  title={Conditioned Regression Models for Non-Blind Single Image Super-Resolution},
  author={Riegler, Gernot and Schulter, Samuel and Ruther, Matthias and Bischof, Horst},
  journal={Proceedings of the IEEE International Conference on Computer Vision},
  pages={522--530},
  year={2015}
}
@article{chen2015learning,
  title={On learning optimized reaction diffusion processes for effective image restoration},
  author={Chen, Y. and Yu, W. and Pock, T.},
  journal={CVPR},
  pages={5261--5269},
  year={2015}
}
@article{chen2015trainable,
  title={Trainable Nonlinear Reaction Diffusion: A Flexible Framework for Fast and Effective Image Restoration},
  author={Chen, Yunjin and Pock, Thomas},
  journal={arXiv preprint arXiv:1508.02848},
  year={2015}
}
@article{pao1982nonlinear,
  title={On nonlinear reaction-diffusion systems},
  author={Pao, Chia-Ven},
  journal={Journal of Mathematical Analysis and Applications},
  volume={87},
  number={1},
  pages={165--198},
  year={1982},
  publisher={Elsevier}
}

@article{Yuwei2015,
author="Yu, Wei
and Heber, Stefan
and Pock, Thomas",
editor="Gall, Juergen
and Gehler, Peter
and Leibe, Bastian",
title="Learning Reaction-Diffusion Models for Image Inpainting",
journal="Pattern Recognition: 37th German Conference, GCPR 2015, Aachen, Germany, October 7-10, 2015, Proceedings",
year="2015",
publisher="Springer International Publishing",
pages="356--367",
}
@article{vincent2010stacked,
  title={Stacked denoising autoencoders: Learning useful representations in a deep network with a local denoising criterion},
  author={Vincent, Pascal and Larochelle, Hugo and Lajoie, Isabelle and Bengio, Yoshua and Manzagol, Pierre-Antoine},
  journal={Journal of Machine Learning Research},
  volume={11},
  number={Dec},
  pages={3371--3408},
  year={2010}
}
@article{vincent2008extracting,
  title={Extracting and composing robust features with denoising autoencoders},
  author={Vincent, Pascal and Larochelle, Hugo and Bengio, Yoshua and Manzagol, Pierre-Antoine},
  journal={Proceedings of the 25th international conference on Machine learning},
  pages={1096--1103},
  year={2008},
  publisher={ACM}
}
@article{bengio2009learning,
  title={Learning deep architectures for AI},
  author={Bengio, Yoshua},
  journal={Foundations and trends{\textregistered} in Machine Learning},
  volume={2},
  number={1},
  pages={1--127},
  year={2009},
  publisher={Now Publishers Inc.}
}
@article{xie2012image,
  title={Image denoising and inpainting with deep neural networks},
  author={Xie, Junyuan and Xu, Linli and Chen, Enhong},
  journal={Advances in Neural Information Processing Systems},
  pages={341--349},
  year={2012}
}
@article{cui2014deep,
  title={Deep network cascade for image super-resolution},
  author={Cui, Zhen and Chang, Hong and Shan, Shiguang and Zhong, Bineng and Chen, Xilin},
  journal={European Conference on Computer Vision},
  pages={49--64},
  year={2014},
  publisher={Springer}
}
@article{zeng2015coupled,
  title={Coupled deep autoencoder for single image super-resolution},
  author={Zeng, Kun and Yu, Jun and Wang, Ruxin and Li, Cuihua and Tao, Dacheng},
  year={2015},
  publisher={IEEE}
}
@article{sivakumar1993image,
  title={Image restoration using a multilayer perceptron with a multilevel sigmoidal function},
  author={Sivakumar, K and Desai, Uday B},
  journal={IEEE transactions on signal processing},
  volume={41},
  number={5},
  pages={2018--2022},
  year={1993},
  publisher={IEEE}
}
@article{mlp,
  title={Image denoising: Can plain neural networks compete with {BM3D}?},
  author={Burger, H. C. and Schuler, C. J. and Harmeling, S.},
  journal={CVPR},
  pages={2392--2399},
  year={2012},
  publisher={IEEE}
}
@article{jain2009natural,
  title={Natural image denoising with convolutional networks},
  author={Jain, Viren and Seung, Sebastian},
  journal={Advances in Neural Information Processing Systems},
  pages={769--776},
  year={2009}
}
@article{dong2016image,
  title={Image super-resolution using deep convolutional networks},
  author={Dong, Chao and Loy, Chen Change and He, Kaiming and Tang, Xiaoou},
  journal={IEEE transactions on pattern analysis and machine intelligence},
  volume={38},
  number={2},
  pages={295--307},
  year={2016},
  publisher={IEEE}
}
@article{dong2015compression,
  title={Compression artifacts reduction by a deep convolutional network},
  author={Dong, Chao and Deng, Yubin and Change Loy, Chen and Tang, Xiaoou},
  journal={Proceedings of the IEEE International Conference on Computer Vision},
  pages={576--584},
  year={2015}
}
@article{wang2015deep,
  title={Deep networks for image super-resolution with sparse prior},
  author={Wang, Zhaowen and Liu, Ding and Yang, Jianchao and Han, Wei and Huang, Thomas},
  journal={Proceedings of the IEEE International Conference on Computer Vision},
  pages={370--378},
  year={2015}
}
@article{kim2015accurate,
  title={Accurate image super-resolution using very deep convolutional networks},
  author={Kim, Jiwon and Lee, Jung Kwon and Lee, Kyoung Mu},
  journal={Computer Vision and Pattern Recognition (CVPR), 2016 IEEE Conference on},
  year={2015}
}
@article{kim2015deeply,
  title={Deeply-Recursive Convolutional Network for Image Super-Resolution},
  author={Kim, Jiwon and Lee, Jung Kwon and Lee, Kyoung Mu},
  journal={Computer Vision and Pattern Recognition (CVPR), 2016 IEEE Conference on},
  year={2015}
}
@article{xu2014deep,
  title={Deep convolutional neural network for image deconvolution},
  author={Xu, Li and Ren, Jimmy SJ and Liu, Ce and Jia, Jiaya},
  journal={Advances in Neural Information Processing Systems},
  pages={1790--1798},
  year={2014}
}
@article{Mao2016rednet,
  title={ Image Restoration Using Convolutional Auto-encoders with Symmetric Skip Connections},
  author={Xiao-Jiao Mao and Chunhua Shen and Yu-Bin Yang},
  journal={arXiv preprint arxiv:1606.08921v1},
  year={2016}
}

@article{pgpd, 
author={J. Xu and L. Zhang and W. Zuo and D. Zhang and X. Feng}, 
journal={ICCV}, 
title={Patch Group Based Nonlocal Self-Similarity Prior Learning for Image Denoising}, 
year={2015}, 
pages={244-252}, 
}
@article{fullyblind, 
author={J. Portilla}, 
journal={IEEE International Conference on Image Processing (ICIP)}, 
title={Full blind denoising through noise covariance estimation using {Gaussian} scale mixtures in the wavelet domain}, 
year={2004}, 
volume={2}, 
pages={1217--1220} 
}

@article{rabie2005robust,
  title={Robust estimation approach for blind denoising},
  author={Rabie, T.},
  journal={IEEE Transactions on Image Processing},
  volume={14},
  number={11},
  pages={1755--1765},
  year={2005},
  publisher={IEEE}
}

@article{Liu2008, 
author={C. Liu and R. Szeliski and S. Bing Kang and C. L. Zitnick and W. T. Freeman}, 
journal={IEEE TPAMI}, 
title={Automatic Estimation and Removal of Noise from a Single Image}, 
year={2008}, 
volume={30}, 
number={2}, 
pages={299--314}
}


@article{colom2014estimate,
  title={A non-parametric approach for the estimation of intensity-frequency dependent noise},
  author={Colom, M. and Lebrun, M. and Buades, A. and Morel, J.-M.},
  journal={IEEE International Conference on Image Processing (ICIP)},
  pages={4261--4265},
  year={2014},
  publisher={IEEE}
}

@article{nlbayes,
author = {M. Lebrun and A. Buades and J. M. Morel},
title = {A Nonlocal {B}ayesian Image Denoising Algorithm},
journal = {SIAM Journal on Imaging Sciences},
volume = {6},
number = {3},
pages = {1665--1688},
year = {2013}
}

@article{almapg,
author = {Z. Gong and Z. Shen and K.-C. Toh},
title = {Image Restoration with Mixed or Unknown Noises},
journal = {Multiscale Modeling \& Simulation},
volume = {12},
number = {2},
pages = {458--487},
year = {2014}
}

@article{noiseclinic, 
author={Lebrun, M. and Colom, M. and Morel, J.-M.}, 
journal={IEEE Transactions on Image Processing}, 
title={Multiscale Image Blind Denoising}, 
year={2015}, 
volume={24}, 
number={10}, 
pages={3149-3161}
}
@Misc{ncwebsite,
howpublished = {\url{http://www.ipol.im/pub/art/2015/125/}},
note = {Accessed 01 28, 2015},
journal = {Image Processing On Line},
pages={1â€“54},
title = {The Noise Clinic: a Blind Image Denoising Algorithm},
author = {M. Lebrun and M. Colom and J. M. Morel}
}
@Misc{neatimage,
howpublished = {\url{https://ni.neatvideo.com/home}},
title = {Neat {I}mage},
author = {ABSoft, Neatlab}
}
@article{salmon2014,
  title={Poisson noise reduction with non-local PCA},
  author={Salmon, Joseph and Harmany, Zachary and Deledalle, Charles-Alban and Willett, Rebecca},
  journal={Journal of mathematical imaging and vision},
  volume={48},
  number={2},
  pages={279--294},
  year={2014},
  publisher={Springer}
}
@article{Zhu_2016_CVPR,
author = {Zhu, F. and Chen, G. and Heng, P.-A.},
title = {From Noise Modeling to Blind Image Denoising},
journal = {CVPR},
month = {June},
year = {2016}
}
@article{crosschannel2016, 
author={S. Nam and Y. Hwang and Y. Matsushita and S. J. Kim}, 
journal={CVPR}, 
title={A Holistic Approach to Cross-Channel Image Noise Modeling and its Application to Image Denoising}, 
year={2016}, 
pages={1683--1691}
}
@article{kervrann2007bayesian,
  title={Bayesian non-local means filter, image redundancy and adaptive dictionaries for noise removal},
  author={Kervrann, C. and Boulanger, J. and Coup{\'e}, P.},
  journal={International Conference on Scale Space and Variational Methods in Computer Vision},
  pages={520--532},
  year={2007},
  publisher={Springer}
}
@article{noiselevel,
  title={Single-image noise level estimation for blind denoising},
  author={Liu, X. and Tanaka, M. and Okutomi, M.},
  journal={IEEE Transactions on Image Processing},
  volume={22},
  number={12},
  pages={5226--5237},
  year={2013},
  publisher={IEEE}
}
@article{healey1994radiometric,
  title={Radiometric {CCD} camera calibration and noise estimation},
  author={Healey, G. E and Kondepudy, R.},
  journal={IEEE TPAMI},
  volume={16},
  number={3},
  pages={267--276},
  year={1994},
  publisher={IEEE}
}
@article{wang2012semi,
  title={Semi-coupled dictionary learning with applications to image super-resolution and photo-sketch synthesis},
  author={Wang, S. and Zhang, L. and Liang, Y. and Pan, Q.},
  journal={IEEE Conference on Computer Vision and Pattern Recognition (CVPR)},
  pages={2216--2223},
  year={2012},
  publisher={IEEE}
}
@article{tsin2001statistical,
  title={Statistical calibration of CCD imaging process},
  author={Tsin, Y. and Ramesh, Visvanathan and Kanade, Takeo},
  journal={IEEE International Conference on Computer Vision (ICCV)},
  volume={1},
  pages={480--487},
  year={2001},
  publisher={IEEE}
}

@article{Chen2015ICCV,
author = {Chen, G. and Zhu, F. and A. H. Pheng},
title = {An Efficient Statistical Method for Image Noise Level Estimation},
journal = {ICCV},
month = {December},
year = {2015}
}

@article{Leungtip, 
author={B. Leung and G. Jeon and E. Dubois}, 
journal={IEEE Transactions on Image Processing}, 
title={Least-Squares Luma-Chroma Demultiplexing Algorithm for Bayer Demosaicking}, 
year={2011}, 
volume={20}, 
number={7}, 
pages={1885-1894}, 
}

@article{NewInCamera, 
author={S. J. Kim and H. T. Lin and Z. Lu and S. SÃ¼sstrunk and S. Lin and M. S. Brown}, 
journal={IEEE Transactions on Pattern Analysis and Machine Intelligence}, 
title={A New In-Camera Imaging Model for Color Computer Vision and Its Application}, 
year={2012}, 
volume={34}, 
number={12}, 
pages={2289-2302}, 
}
@article{karaimer_brown_ECCV_2016, 
author = {H. C. Karaimer and M. S. Brown}, 
title = {A Software Platform for Manipulating the Camera Imaging Pipeline}, 
journal = {ECCV}, 
month = {October}, 
year = {2016} 
}
@article{Irani2009sr,
  author = {Daniel Glasner and Shai Bagon and Michal Irani},
  title = {Super-Resolution from a Single Image},
  journal = {IEEE International Conference on Computer Vision (ICCV)},
  year = {2009}
}

@article{iraniinternal, 
author={M. Zontak and M. Irani}, 
journal={IEEE Conference on Computer Vision and Pattern Recognition (CVPR)}, 
title={Internal statistics of a single natural image}, 
year={2011}, 
pages={977--984}, 
}

@article{Irani2013separating,
  title={Separating signal from noise using patch recurrence across scales},
  author={Zontak, Maria and Mosseri, Inbar and Irani, Michal},
  journal={Proceedings of the IEEE Conference on Computer Vision and Pattern Recognition},
  pages={1195--1202},
  year={2013}
}

@article{Irani2014deblur,
  title={Blind deblurring using internal patch recurrence},
  author={Michaeli, Tomer and Irani, Michal},
  journal={European Conference on Computer Vision},
  pages={783--798},
  year={2014},
  organization={Springer}
}

@article{Irani2016dehazing, 
author={Y. Bahat and M. Irani}, 
journal={IEEE International Conference on Computational Photography (ICCP)}, 
title={Blind dehazing using internal patch recurrence}, 
year={2016}, 
pages={1-9}, 
keywords={Degradation;Image color analysis;Image resolution;Imaging;Meteorology;Reliability;Scattering}, 
doi={10.1109/ICCPHOT.2016.7492870}, 
month={May},}

@article{luo2015adaptive,
  title={Adaptive image denoising by targeted databases},
  author={Luo, Enming and Chan, Stanley H and Nguyen, Truong Q},
  journal={IEEE Transactions on Image Processing},
  volume={24},
  number={7},
  pages={2167--2181},
  year={2015},
  publisher={IEEE}
}
@article{sat,
 author = {Crow, F. C.},
 title = {Summed-area Tables for Texture Mapping},
 journal = {SIGGRAPH Comput. Graph.},
 year = {1984},
 volume = {18},
 number = {3},
 month = jan,
 year = {1984},
 issn = {0097-8930},
 pages = {207--212},
 numpages = {6},
 publisher = {ACM}
} 

@article{viola2004robust,
  title={Robust real-time face detection},
  author={Viola, Paul and Jones, Michael J},
  journal={International journal of computer vision},
  volume={57},
  number={2},
  pages={137--154},
  year={2004},
  publisher={Springer}
}

@article {procrustesprogram,
author = {Hurley, John R. and Cattell, Raymond B.},
title = {The procrustes program: Producing direct rotation to test a hypothesized factor structure},
journal = {Behavioral Science},
volume = {7},
number = {2},
publisher = {John Wiley & Sons, Ltd.},
pages = {258--262},
year = {1962},
}
@article{green1952orthogonal,
  title={The orthogonal approximation of an oblique structure in factor analysis},
  author={Green, Bert F.},
  journal={Psychometrika},
  volume={17},
  number={4},
  pages={429--440},
  year={1952},
  publisher={Springer}
}

@article{schonemann1966generalized,
  title={A generalized solution of the orthogonal Procrustes problem},
  author={Sch{\"o}nemann, Peter H.},
  journal={Psychometrika},
  volume={31},
  number={1},
  pages={1--10},
  year={1966},
  publisher={Springer}
}
@article{schonemann1968two,
  title={On two-sided orthogonal procrustes problems},
  author={Sch{\"o}nemann, Peter H.},
  journal={Psychometrika},
  volume={33},
  number={1},
  pages={19--33},
  year={1968},
  publisher={Springer}
}
@article{Kristof1970515,
title = "A theorem on the trace of certain matrix products and some applications ",
journal = "Journal of Mathematical Psychology ",
volume = "7",
number = "3",
pages = "515 - 530",
year = "1970",
issn = "0022-2496",
author = "Walter Kristof"
}
@Article{Lissitz1976,
author="Lissitz, Robert W.
and Sch{\"o}nemann, Peter H.
and Lingoes, James C.",
title="A solution to the weighted procrustes problem in which the transformation is in agreement with the loss function",
journal="Psychometrika",
year="1976",
volume="41",
number="4",
pages="547--550",
abstract="This paper provides a generalization of the Procrustes problem in which the errors are weighted from the right, or the left, or both. The solution is achieved by having the orthogonality constraint on the transformation be in agreement with the norm of the least squares criterion. This general principle is discussed and illustrated by the mathematics of the weighted orthogonal Procrustes problem.",
issn="1860-0980",
doi="10.1007/BF02296976",
url="http://dx.doi.org/10.1007/BF02296976"
}
@Article{Koschat1991,
author="Koschat, Martin A.
and Swayne, Deborah F.",
title="A weighted procrustes criterion",
journal="Psychometrika",
year="1991",
volume="56",
number="2",
pages="229--239",
abstract="The Procrustes criterion is a common measure for the distance between two matricesX andY, and can be interpreted as the sum of squares of the Euclidean distances between their respective column vectors. Often a weighted Procrustes criterion, using, for example, a weighted sum of the squared distances between the column vectors, is called for. This paper describes and analyzes the performance of an algorithm for rotating a matrixX such that the column-weighted Procrustes distance toY is minimized. The problem of rotatingX intoY such that an aggregate measure of Tucker's coefficient of congruence is maximized is also discussed.",
issn="1860-0980",
doi="10.1007/BF02294460",
url="http://dx.doi.org/10.1007/BF02294460"
}

@Article{TenBerge1983,
author="Ten Berge, Jos M. F.",
title="A generalization of Kristof's theorem on the trace of certain matrix products",
journal="Psychometrika",
year="1983",
volume="48",
number="4",
pages="519--523",
}
@article{higham1988symmetric,
  title={The symmetric Procrustes problem},
  author={Higham, Nicholas J.},
  journal={BIT Numerical Mathematics},
  volume={28},
  number={1},
  pages={133--143},
  year={1988},
  publisher={Springer}
}
@article{chu1990projected,
  title={The projected gradient method for least squares matrix approximations with spectral constraints},
  author={Chu, Moody T. and Driessel, Kenneth R.},
  journal={SIAM Journal on Numerical Analysis},
  volume={27},
  number={4},
  pages={1050--1060},
  year={1990},
  publisher={SIAM}
}
@article{Watson1994,
author="Watson, G. A.",
title="The solution of orthogonal Procrustes problems for a family of orthogonally invariant norms",
journal="Advances in Computational Mathematics",
year="1994",
volume="2",
number="4",
pages="393--405",
}
@article{trendafilov2004l1,
  title={The $\ell_{1}$  oblique procrustes problem},
  author={Trendafilov, Nickolay T. and Watson, GA.},
  journal={Statistics and Computing},
  volume={14},
  number={1},
  pages={39--51},
  year={2004},
  publisher={Springer}
}

@Article{Berge2006,
author="Berge, Jos M. F. ten",
title="The rigid orthogonal Procrustes rotation problem",
journal="Psychometrika",
year="2006",
volume="71",
number="1",
pages="201--205",
}

@article{viklands2006algorithms,
  title={Algorithms for the weighted orthogonal Procrustes problem and other least squares problems},
  author={Viklands, Thomas},
  journal={PhD Thesis},
  year={2006},
  publisher={Datavetenskap}
}

@article{pointpatterns, 
author={S. Umeyama}, 
journal={IEEE Transactions on Pattern Analysis and Machine Intelligence}, 
title={Least-squares estimation of transformation parameters between two point patterns}, 
year={1991}, 
volume={13}, 
number={4}, 
pages={376-380}, 
}
@article{zhang2000flexible,
  title={A flexible new technique for camera calibration},
  author={Zhang, Zhengyou},
  journal={IEEE Transactions on Pattern Analysis and Machine Intelligence},
  volume={22},
  number={11},
  pages={1330--1334},
  year={2000},
  publisher={IEEE}
}

@article{zou2006sparse,
  title={Sparse principal component analysis},
  author={Zou, Hui and Hastie, Trevor and Tibshirani, Robert},
  journal={Journal of Computational and Graphical Statistics},
  volume={15},
  number={2},
  pages={265--286},
  year={2006},
  publisher={Taylor \& Francis}
}

@article{aharon2006img,
  title={{K-SVD}: An Algorithm for Designing Overcomplete Dictionaries for Sparse Representation},
  author={Aharon, Michal and Elad, Michael and Bruckstein, Alfred},
  journal={IEEE Transactions on Signal Processing},
  volume={54},
  number={11},
  pages={4311--4322},
  year={2006},
  publisher={IEEE}
}

@article{makitalo2013optimal,
  title={Optimal inversion of the generalized Anscombe transformation for Poisson-Gaussian noise},
  author={Makitalo, M. and Foi, A.},
  journal={IEEE Transactions on Image Processing},
  volume={22},
  number={1},
  pages={91--103},
  year={2013},
  publisher={IEEE}
}
@article{Luisier, 
author={F. Luisier and T. Blu and M. Unser}, 
journal={IEEE Transactions on Image Processing}, 
title={Image Denoising in Mixed {P}oisson-{G}aussian Noise}, 
year={2011}, 
volume={20}, 
number={3}, 
pages={696-708}, 
}
@article{Foipractical, 
author={A. Foi and M. Trimeche and V. Katkovnik and K. Egiazarian}, 
journal={IEEE Transactions on Image Processing}, 
title={Practical Poissonian-Gaussian Noise Modeling and Fitting for Single-Image Raw-Data}, 
year={2008}, 
volume={17}, 
number={10}, 
pages={1737-1754}, 
}
@article{Makitalo2011, 
author={M. Makitalo and A. Foi}, 
journal={IEEE Transactions on Image Processing}, 
title={Optimal Inversion of the Anscombe Transformation in Low-Count Poisson Image Denoising}, 
year={2011}, 
volume={20}, 
number={1}, 
pages={99-109}, 
}
@article{Fadili, 
author={B. Zhang and J. M. Fadili and J. L. Starck}, 
journal={IEEE Transactions on Image Processing}, 
title={Wavelets, Ridgelets, and Curvelets for Poisson Noise Removal}, 
year={2008}, 
volume={17}, 
number={7}, 
pages={1093-1108}, 
}
@article{Montagner, 
author={Y. Le Montagner and E. D. Angelini and J. C. Olivo-Marin}, 
journal={IEEE Transactions on Image Processing}, 
title={An Unbiased Risk Estimator for Image Denoising in the Presence of Mixed Poisson-Gaussian Noise}, 
year={2014}, 
volume={23}, 
number={3}, 
pages={1255-1268}, 
}

@article{wesnr,
  title={Mixed noise removal by weighted encoding with sparse nonlocal regularization},
  author={Jiang, Jielin and Zhang, Lei and Yang, Jian},
  journal={IEEE transactions on image processing},
  volume={23},
  number={6},
  pages={2651--2662},
  year={2014},
  publisher={IEEE}
}
@article{xuaccv2016,
  title={Patch Group Based Bayesian Learning for Blind Image Denoising},
  author={Jun Xu and Dongwei Ren and Lei Zhang and David Zhang},
  journal={Asian Conference on Computer Vision (ACCV) New Trends in Image Restoration and Enhancement Workshop},
  pages={79--95},
  year={2016},
  publisher={Springer International Publishing}
}

@article{zhang2017beyond,
  title={Beyond a Gaussian denoiser: Residual learning of deep CNN for image denoising},
  author={Zhang, Kai and Zuo, Wangmeng and Chen, Yunjin and Meng, Deyu and Zhang, Lei},
  journal={IEEE Transactions on Image Processing},
  year={2017},
  publisher={IEEE}
}
@article{eckart1936approximation,
  title={The approximation of one matrix by another of lower rank},
  author={Eckart, C. and Young, G.},
  journal={Psychometrika},
  volume={1},
  number={3},
  pages={211--218},
  year={1936},
  publisher={Springer}
}

@book{GolubMatrix,
 author = {Golub, G. and Van Loan, C.},
 title = {Matrix Computations (3rd Ed.)},
 year = {1996},
 isbn = {0-8018-5414-8},
 publisher = {Johns Hopkins University Press},
}
@article{Bartels1972,
 author = {Bartels, R. H. and Stewart, G. W.},
 title = {Solution of the Matrix Equation {AX + XB = C}},
 journal = {Commun. ACM},
 volume = {15},
 number = {9},
 year = {1972},
 pages = {820--826},
 numpages = {7},
 publisher = {ACM},
} 

@article{simoncini2016computational,
author = {V. Simoncini},
title = {Computational Methods for Linear Matrix Equations},
journal = {SIAM Review},
volume = {58},
number = {3},
pages = {377--441},
year = {2016},
}
@article{tibshirani1996regression,
  title={Regression shrinkage and selection via the lasso},
  author={Tibshirani, Robert},
  journal={Journal of the Royal Statistical Society. Series B (Methodological)},
  pages={267--288},
  year={1996},
  publisher={JSTOR}
}

@article{bareiss1968sylvester,
  title={Sylvesterâ€™s identity and multistep integer-preserving Gaussian elimination},
  author={Bareiss, E.},
  journal={Mathematics of computation},
  volume={22},
  number={103},
  pages={565--578},
  year={1968}
}
@article{admm,
 author = {Boyd, S. and Parikh, N. and Chu, E. and Peleato, B. and Eckstein, J.},
 title = {Distributed Optimization and Statistical Learning via the Alternating Direction Method of Multipliers},
 journal = {Found. Trends Mach. Learn.},
 issue_date = {January 2011},
 volume = {3},
 number = {1},
 month = jan,
 year = {2011},
 issn = {1935-8237},
 pages = {1--122},
 numpages = {122},
 publisher = {Now Publishers Inc.},
 address = {Hanover, MA, USA},
} 
@article{courant1943,
author = "Courant, R.",
fjournal = "Bulletin of the American Mathematical Society",
journal = "Bull. Amer. Math. Soc.",
number = "1",
pages = "1--23",
publisher = "American Mathematical Society",
title = "Variational methods for the solution of problems of equilibrium and vibrations",
volume = "49",
year = "1943"
}
@article{sdl,
  title={Supervised dictionary learning},
  author={Mairal, J. and Ponce, J. and Sapiro, G. and Zisserman, A. and Bach, F.},
  journal={NIPS},
  pages={1033--1040},
  year={2009}
}
@article{lee2007efficient,
  title={Efficient sparse coding algorithms},
  author={Lee, H. and Battle, A. and Raina, R. and Ng, A. Y.},
  journal={NIPS},
  volume={19},
  pages={801},
  year={2007},
  publisher={MIT; 1998}
}
@article{wright2009robust,
  title={Robust face recognition via sparse representation},
  author={Wright, J. and Yang, A. and Ganesh, A. and Sastry, S. and Ma, Y.},
  journal={IEEE TPAMI},
  volume={31},
  number={2},
  pages={210--227},
  year={2009},
  publisher={IEEE}
}

@article{yang2009linear,
  title={Linear spatial pyramid matching using sparse coding for image classification},
  author={Yang, J. and Yu, K. and Gong, Y. and Huang, T.},
  journal={CVPR},
  pages={1794--1801},
  year={2009},
  organization={IEEE}
}
@article{Eckstein1992,
author="Eckstein, J. and Bertsekas, D. P.",
title="On the {D}ouglas--{R}achford splitting method and the proximal point algorithm for maximal monotone operators",
journal="Mathematical Programming",
year="1992",
volume="55",
number="1",
pages="293--318",
}
@article{lasso,
  title={Regression shrinkage and selection via the lasso},
  author={Tibshirani, R.},
  journal={Journal of the Royal Statistical Society. Series B (Methodological)},
  pages={267--288},
  year={1996},
  publisher={JSTOR}
}
@article{naturesc,
author={Olshausen, B. A. and Field, D. J.},
year={1996},
month={Jun 13},
title={Emergence of simple-cell receptive field properties by learning a sparse code for natural images},
journal={Nature},
volume={381},
number={6583},
pages={607--609},
}